@misc{kl:2021,
    title = "Fun with CiFAR",
    author = "{kuangliu}",
    howpublished = "\url{https://github.com/kuangliu/pytorch-cifar}",
    year         = 2021,
    note         = "Accessed: 2024-04-03"
}

@article{dblp:2015,
  author       = {Kaiming He and
                  Xiangyu Zhang and
                  Shaoqing Ren and
                  Jian Sun},
  title        = {Deep Residual Learning for Image Recognition},
  journal      = {CoRR},
  volume       = {abs/1512.03385},
  year         = {2015},
  url          = {http://arxiv.org/abs/1512.03385},
  eprinttype    = {arXiv},
  eprint       = {1512.03385},
  timestamp    = {Wed, 25 Jan 2023 11:01:16 +0100},
  biburl       = {https://dblp.org/rec/journals/corr/HeZRS15.bib},
  bibsource    = {dblp computer science bibliography, https://dblp.org}
}

@article{kriz:2009,
  added-at = {2021-01-21T03:01:11.000+0100},
  author = {Krizhevsky, Alex},
  biburl = {https://www.bibsonomy.org/bibtex/2fe5248afe57647d9c85c50a98a12145c/s364315},
  interhash = {cc2d42f2b7ef6a4e76e47d1a50c8cd86},
  intrahash = {fe5248afe57647d9c85c50a98a12145c},
  keywords = {},
  pages = {32--33},
  timestamp = {2021-01-21T03:01:11.000+0100},
  title = {Learning Multiple Layers of Features from Tiny Images},
  url = {https://www.cs.toronto.edu/~kriz/learning-features-2009-TR.pdf},
  year = 2009
}

@article{JMLR:v15:srivastava14a,
  author  = {Nitish Srivastava and Geoffrey Hinton and Alex Krizhevsky and Ilya Sutskever and Ruslan Salakhutdinov},
  title   = {Dropout: A Simple Way to Prevent Neural Networks from Overfitting},
  journal = {Journal of Machine Learning Research},
  year    = {2014},
  volume  = {15},
  number  = {56},
  pages   = {1929--1958},
  url     = {http://jmlr.org/papers/v15/srivastava14a.html}
}

@misc{torchsum,
  author = {Yep, Tyler},
  month  = {3},
  title  = {torchinfo},
  url    = {https://github.com/TylerYep/torchinfo},
  year   = {2020},
  note   = "Accessed: 2024-04-03"
}
